

@online{site:sonarqube,
    title   = {SonarQube},
    url     = {https://docs.sonarqube.org/latest/user-guide/issues/}
}

@online{site:junit-annotation,
    title   = {Annotazioni JUnit},
    url     = {http://junit.sourceforge.net/javadoc/org/junit/package-summary.html}
}

@online{site:mockito,
    title   = {Mockito},
    url     = {https://www.vogella.com/tutorials/Mockito/article.html}
}

@online{site:mock,
    title   = {Mock object},
    url     = {https://it.wikipedia.org/wiki/Mock_object}
}

@online{site:maven-introduzione,
    title   = {Introduzione a Maven},
    url     = {https://maven.apache.org/what-is-maven.html}
}

@online{site:maven-lifecycle,
    title   = {Ciclo di vita della build},
    url     = {https://maven.apache.org/guides/introduction/introduction-to-the-lifecycle.html}
}

@online{site:maven-plugin,
    title   = {Plugin Maven},
    url     = {https://maven.apache.org/guides/introduction/introduction-to-plugins.html}
}

@online{site:maven-plugin-configurazione,
    title   = {Configurazione plugin Maven},
    url     = {https://maven.apache.org/guides/mini/guide-configuring-plugins.html}
}

@online{site:maven-pom,
    title   = {POM Maven},
    url     = {https://maven.apache.org/guides/introduction/introduction-to-the-pom.html}
}

@online{site:meecrowave,
    title   = {Meecrowave},
    url     = {https://openwebbeans.apache.org/meecrowave/index.html}
}

@online{site:docs-plugin,
    title   = {Docs plugin Confluence},
    url     = {https://bitbucket.org/ricebean/docs-plugin/wiki/Home}
}

@online{site:maven-encryption,
    title   = {Criptazione password con Maven},
    url     = {https://maven.apache.org/guides/mini/guide-encryption.html}
}

@online{site:confluence,
    title   = {Confluence},
    url     = {https://en.wikipedia.org/wiki/Confluence_(software)}
}

@online{site:jaxb,
    title   = {JAXB},
    url     = {https://it.wikipedia.org/wiki/Java_Architecture_for_XML_Binding}
}

@online{site:specifica-openapi,
    title   = {Specifica OpenAPI},
    url     = {https://it.wikipedia.org/wiki/Specifiche_OpenAPI}
}

@online{site:visual-studio-code,
    title   = {Visual Studio Code},
    url     = {https://it.wikipedia.org/wiki/Visual_Studio_Code}
}

@online{site:bitbucket,
    title   = {Bitbucket},
    url     = {https://it.wikipedia.org/wiki/Bitbucket}
}

@online{site:eclipse,
    title   = {Eclipse},
    url     = {https://it.wikipedia.org/wiki/Eclipse_(informatica)}
}

@online{site:junit-test,
    title   = {Test con JUnit},
    url     = {https://junit.org/junit4/javadoc/4.12/org/junit/Test.html}
}

@online{site:jax-rs,
    title   = {Specifica JAX-RS},
    url     = {https://docs.oracle.com/javaee/7/api/javax/ws/rs/core/package-summary.html}
}

@online{site:rest-docs,
    title   = {Chiamate REST supportate da Docs},
    url     = {https://bitbucket.org/ricebean/docs-plugin/wiki/REST_Interface_V2}
}

@online{site:jersey,
    title   = {Jersey},
    url     = {https://jersey.github.io/}
}





